@inproceedings{strongstop,
  title={How to do things with words per strong stop},
  author={Frischer, Bernard},
  booktitle={Aspects of Latin: Papers from the Seventh International Colloquium on Latin Linguistics},
  pages={585--599},
  year={1993}
}
@misc{Woodmanpm,
  title={Private Communication},
  author={Woodman, Anthony},
  year={2015}
}
@misc{index,
  title={Index De Pline le Jeune},
  author={Jacques S.J., Xavier and Van Ooteghem S.J., J.},
  year={1965}
}